@Misc{Wiki:Typografie,
author = "Wikipedia",
title = "Typografie",
howpublished = "online",
revised = "Poslední změna 26. 1. 2016 v 11:32.",
cited = "!2012-04-16",
url = "https://cs.wikipedia.org/wiki/Typografie",
}

@Book{Maria:On_web_typography,
author = "Maria, Jason Santa",
title = "On web typography",
publisher = "Jeffrey Zeldman",
year = "2014",
edition = "1",
address = "New York",
isbn = "978-1-9375570-7-2",
}

@Book{Bringhurst:The_elements_of_typhographis_style,
author = "Bringhurst, Robert",
title = "The elements of typhographis style",
publisher = "Hartley and Marks Publishers",
year = "1997",
edition = "2",
address = "Vancouver",
isbn = "0-88179-133-4",
}

@Article{Sojka:Par_poznamek_pro_texove_novice,
author = "Sojka, Petr",
title = "Pár poznámek pro TeXové novice aneb o účelovosti, Occamově břitvě a černobílosti",
journal = "Zpravodaj CSTUG",
year = "1997",
number = "26-30",
pages = "16--23",
issn = "1211-6661",
}


@Misc{MKS:Jak_se_v_tom_vyznat,
title = "Jak se v tom vyznat?",
howpublished = "online",
revised = "",
cited = "!2016-04-18",
url = "https://mks.mff.cuni.cz/info/tex/texlatex.php",
}

@InProceedings{TeX_conf:Proc,
author = "Syropulos, Apostolos and Berry, Karl and others",
title = "Tex, XML, and Digital Typography",
booktitle = "International Conference on TeX, XML, and Digital Typography, held jointly with the 25th Annual Meeting of the TeX Users Group",
address = "Berlin, New York",
publisher = "Springer",
year = "2004",
isbn = "978-3-540-22801-1",
}

@BachelorThesis{Divila:Revizni_system_pro_latex,
author = "Divila, Jaroslav",
title = "Revizní systém pro \LaTeX",
school = "VUT FIT v~Brně",
address = "Brno",
year = "2010",
}
